Account Name       :                	Mr. Santhosh Kumar S
Address            :	S/O D.Sivakumar, 2/701, Gangai Amman Nag
                                    	ar, Keel Alathur Village And Post, Gudiy
                                    	atham Taluk-635803
                                    	605:Vellore
Date               :                	19 Mar 2023
Account Number     :	_00000039983490893
Account Description:	LOTUS SAVING BANK-ADHAR- NCHQ
Branch             :	GUDIYATHAM
Drawing Power      :	0.00
Interest Rate(% p.a.):	2.7
MOD Balance      :	0.00
CIF No.          :	_90721335507
IFS (Indian Financial System) Code         :	SBIN0000842
MICR (Magnetic Ink Character Recognition)  Code        :	_632002022
Nomination Registered    :	Yes 
Balance on 1 Mar 2023        :	146.05
Start Date          :	1 Mar 2023
End Date            :	19 Mar 2023
Txn Date	Value Date	Description	Ref No./Cheque No.	        Debit	Credit	Balance	
1 Mar 2023	1 Mar 2023	   TO TRANSFER-UPI/DR/306005441653/LOGESH/KVBL/logesh1892/UPI--	TRANSFER TO 4898839162092	100.00	 	46.05
1 Mar 2023	1 Mar 2023	   BY TRANSFER-UPI/CR/306019986143/Mr SIVAK/CBIN/sivakumar3/UPI--	TRANSFER FROM 5098985162098	 	800.00	846.05
1 Mar 2023	1 Mar 2023	   TO TRANSFER-UPI/DR/306021579269/AJIN A A/PYTM/paytmqr281/UPI--	TRANSFER TO 5097697162093	12.00	 	834.05
2 Mar 2023	2 Mar 2023	   TO TRANSFER-UPI/DR/342718091117/HARI UNA/PYTM/paytmqr281/UPI--	TRANSFER TO 4696911162094	175.00	 	659.05
2 Mar 2023	2 Mar 2023	   BY TRANSFER-UPI/CR/306181656651/Mr SANTO/CBIN/santhoshku/UPI--	TRANSFER FROM 4693360162099	 	500.00	1,159.05
2 Mar 2023	2 Mar 2023	   ATM WDL-ATM CASH 810   LAKSHMI MILLS OFFSITE COIMBATORE SO--		500.00	 	659.05
2 Mar 2023	2 Mar 2023	   TO TRANSFER-UPI/DR/306208512567/EURONETG/ICIC/euronetgpa/UPI--	TRANSFER TO 5097906162099	25.00	 	634.05
3 Mar 2023	3 Mar 2023	   TO TRANSFER-UPI/DR/306293707333/billdesk/ICIC/billdesk.p/UPI--	TRANSFER TO 4898755162096	15.00	 	619.05
4 Mar 2023	4 Mar 2023	   TO TRANSFER-UPI/DR/306311254323/KISHORKU/KVBL/kishorkuma/UPI--	TRANSFER TO 5098032162092	600.00	 	19.05
6 Mar 2023	6 Mar 2023	   BY TRANSFER-NEFT*ICIC0SF0002*31372124041DC*IAMNEO EDUTECH PRIV--	TRANSFER FROM 4697219044309	 	10,000.00	10,019.05
6 Mar 2023	6 Mar 2023	   TO TRANSFER-UPI/DR/306581486009/Mr G SEL/YESB/bharatpe90/Pay t--	TRANSFER TO 4695770162097	140.00	 	9,879.05
6 Mar 2023	6 Mar 2023	   TO TRANSFER-UPI/DR/306598494520/ARUMUGAM/PYTM/paytmqr281/UPI--	TRANSFER TO 5097518162090	70.00	 	9,809.05
6 Mar 2023	6 Mar 2023	   BY TRANSFER-UPI/CR/306533619439/KISHORKU/KVBL/kishorkuma/UPI--	TRANSFER FROM 4693050162090	 	35.00	9,844.05
6 Mar 2023	6 Mar 2023	   ATM WDL-ATM CASH 30652 P B NO 6313 1134       COIMBATORE--		3,000.00	 	6,844.05
6 Mar 2023	6 Mar 2023	   ATM WDL-ATM CASH 30652 P B NO 6313 1134       COIMBATORE--		500.00	 	6,344.05
7 Mar 2023	7 Mar 2023	   TO TRANSFER-UPI/DR/306605657941/MUKESH C/CITI/mukeshchan/UPI--	TRANSFER TO 5097682162090	100.00	 	6,244.05
7 Mar 2023	7 Mar 2023	   TO TRANSFER-UPI/DR/306628001874/LOGESH/KVBL/logesh1892/UPI--	TRANSFER TO 5099441162090	104.00	 	6,140.05
7 Mar 2023	7 Mar 2023	   TO TRANSFER-UPI/DR/343201013832/PhonePe/YESB/BILLDESKPP/Paymen--	TRANSFER TO 4695870162093	25.00	 	6,115.05
9 Mar 2023	9 Mar 2023	   DEBIT-ATMCard AMC  652294*9861--		147.50	 	5,967.55
9 Mar 2023	9 Mar 2023	   TO TRANSFER-UPI/DR/343417476118/IRCTC Ap/PYTM/paytm-irct/Oid10--	TRANSFER TO 4692560162098	181.80	 	5,785.75
9 Mar 2023	9 Mar 2023	   TO TRANSFER-UPI/DR/306882923101/SRI LAKS/PYTM/paytmqr281/UPI--	TRANSFER TO 5097827162098	90.00	 	5,695.75
10 Mar 2023	10 Mar 2023	   TO TRANSFER-UPI/DR/306902081107/Mr G SEL/YESB/bharatpe90/Pay t--	TRANSFER TO 5097911162093	220.00	 	5,475.75
10 Mar 2023	10 Mar 2023	   BY TRANSFER-UPI/CR/306949919623/KISHORKU/KVBL/kishorkuma/UPI--	TRANSFER FROM 4695212162095	 	110.00	5,585.75
10 Mar 2023	10 Mar 2023	   TO TRANSFER-UPI/DR/306903431595/ZIAUL HA/YESB/q781474549/UPI--	TRANSFER TO 4692593162090	40.00	 	5,545.75
10 Mar 2023	10 Mar 2023	   TO TRANSFER-UPI/DR/343574600113/PhonePe/YESB/BILLDESKPP/Paymen--	TRANSFER TO 4692617162098	669.00	 	4,876.75
10 Mar 2023	10 Mar 2023	   TO TRANSFER-UPI/DR/306904120789/Mr SANTO/CBIN/santhoshku/UPI--	TRANSFER TO 4694241162097	2,000.00	 	2,876.75
11 Mar 2023	11 Mar 2023	   TO TRANSFER-UPI/DR/307032528574/DINESHKU/BARB/sdineshkum/UPI--	TRANSFER TO 4694301162091	50.00	 	2,826.75
11 Mar 2023	11 Mar 2023	   TO TRANSFER-UPI/DR/307038913706/ALL MART/PYTM/paytmqr281/UPI--	TRANSFER TO 5098017162091	123.00	 	2,703.75
11 Mar 2023	11 Mar 2023	   TO TRANSFER-UPI/DR/307039226010/ALL MART/PYTM/paytmqr281/UPI--	TRANSFER TO 4696297162098	40.00	 	2,663.75
11 Mar 2023	11 Mar 2023	   TO TRANSFER-UPI/DR/307047348240/billdesk/ICIC/billdesk.p/UPI--	TRANSFER TO 4696274162095	25.00	 	2,638.75
12 Mar 2023	12 Mar 2023	   TO TRANSFER-UPI/DR/343717057929/IRCTC Ap/PYTM/paytm-irct/Oid10--	TRANSFER TO 4697018162092	181.80	 	2,456.95
13 Mar 2023	13 Mar 2023	   TO TRANSFER-UPI/DR/343876280674/PhonePe/YESB/BILLDESKPP/Paymen--	TRANSFER TO 4696793162094	62.00	 	2,394.95
14 Mar 2023	14 Mar 2023	   TO TRANSFER-UPI/DR/307322779446/KISHORKU/KVBL/kishorkuma/UPI--	TRANSFER TO 4693865162096	70.00	 	2,324.95
14 Mar 2023	14 Mar 2023	   BY TRANSFER-UPI/CR/307372190649/KISHORKU/KVBL/kishorkuma/UPI--	TRANSFER FROM 4898950162093	 	30.00	2,354.95
14 Mar 2023	14 Mar 2023	   BY TRANSFER-UPI/CR/307380838030/KISHORKU/KVBL/kishorkuma/UPI--	TRANSFER FROM 4693122162092	 	70.00	2,424.95
14 Mar 2023	14 Mar 2023	   TO TRANSFER-UPI/DR/307335181207/LOGESH/KVBL/logesh1892/UPI--	TRANSFER TO 5097655162092	140.00	 	2,284.95
14 Mar 2023	14 Mar 2023	   TO TRANSFER-UPI/DR/307350658199/ARUMUGAM/PYTM/paytmqr281/UPI--	TRANSFER TO 5097646162093	80.00	 	2,204.95
14 Mar 2023	14 Mar 2023	   BY TRANSFER-UPI/CR/307394021362/KISHORKU/KVBL/kishorkuma/UPI--	TRANSFER FROM 4695126162093	 	40.00	2,244.95
14 Mar 2023	14 Mar 2023	   TO TRANSFER-UPI/DR/307351138142/AJIN A A/PYTM/paytmqr281/UPI--	TRANSFER TO 4692461162092	20.00	 	2,224.95
15 Mar 2023	15 Mar 2023	   TO TRANSFER-UPI/DR/307458948040/MANGALAM/PYTM/paytmqr281/UPI--	TRANSFER TO 5097710162090	60.00	 	2,164.95
15 Mar 2023	15 Mar 2023	   BY TRANSFER-UPI/CR/307412071344/KISHORKU/KVBL/kishorkuma/UPI--	TRANSFER FROM 4693215162097	 	30.00	2,194.95
15 Mar 2023	15 Mar 2023	   TO TRANSFER-UPI/DR/307469348455/LOGESH/KVBL/logesh1892/UPI--	TRANSFER TO 4694014162097	70.00	 	2,124.95
15 Mar 2023	15 Mar 2023	   TO TRANSFER-UPI/DR/307481880105/MANGALAM/PYTM/paytmqr281/UPI--	TRANSFER TO 5097695162095	110.00	 	2,014.95
15 Mar 2023	15 Mar 2023	   BY TRANSFER-UPI/CR/307432398335/KISHORKU/KVBL/kishorkuma/UPI--	TRANSFER FROM 4693272162099	 	40.00	2,054.95
16 Mar 2023	16 Mar 2023	   BY TRANSFER-UPI/CR/307542042154/KISHORKU/KVBL/kishorkuma/UPI--	TRANSFER FROM 5098486162095	 	30.00	2,084.95
16 Mar 2023	16 Mar 2023	   TO TRANSFER-UPI/DR/307592196407/MANGALAM/PYTM/paytmqr281/UPI--	TRANSFER TO 5097802162096	60.00	 	2,024.95
16 Mar 2023	16 Mar 2023	   BY TRANSFER-UPI/CR/307548747973/KISHORKU/KVBL/kishorkuma/UPI--	TRANSFER FROM 5099081162097	 	70.00	2,094.95
16 Mar 2023	16 Mar 2023	   TO TRANSFER-UPI/DR/307599949500/Mr G SEL/YESB/bharatpe90/Pay t--	TRANSFER TO 5097780162097	210.00	 	1,884.95
16 Mar 2023	16 Mar 2023	   BY TRANSFER-UPI/CR/307599994598/ABHISEIK/SBIN/abhiseikn@/UPI--	TRANSFER FROM 4898970162090	 	70.00	1,954.95
17 Mar 2023	17 Mar 2023	   TO TRANSFER-UPI/DR/307625169299/MANGALAM/PYTM/paytmqr281/UPI--	TRANSFER TO 4692587162098	60.00	 	1,894.95
17 Mar 2023	17 Mar 2023	   BY TRANSFER-UPI/CR/307671518960/KISHORKU/KVBL/kishorkuma/UPI--	TRANSFER FROM 4693529162090	 	30.00	1,924.95
17 Mar 2023	17 Mar 2023	   TO TRANSFER-UPI/DR/307634848996/LOGESH/KVBL/logesh1892/UPI--	TRANSFER TO 4694228162094	70.00	 	1,854.95
17 Mar 2023	17 Mar 2023	   TO TRANSFER-UPI/DR/307638316998/Mr M SUD/IDIB/blackk.off/UPI--	TRANSFER TO 4694192162091	375.00	 	1,479.95
17 Mar 2023	17 Mar 2023	   BY TRANSFER-UPI/CR/307625736339/Mr M SUD/IDIB/blackk.off/UPI--	TRANSFER FROM 5099126162090	 	75.00	1,554.95
18 Mar 2023	18 Mar 2023	   TO TRANSFER-UPI/DR/307761590115/Mr K R K/IDIB/kishorkuma/UPI--	TRANSFER TO 5097682162090	1,000.00	 	554.95
18 Mar 2023	18 Mar 2023	   TO TRANSFER-UPI/DR/307761638975/Mrs Jaya/PYTM/paytmqr281/UPI--	TRANSFER TO 4692466162097	86.00	 	468.95
18 Mar 2023	18 Mar 2023	   TO TRANSFER-UPI/DR/307764679828/Master A/IDIB/alphyassur/UPI--	TRANSFER TO 5099470162095	50.00	 	418.95
18 Mar 2023	18 Mar 2023	   TO TRANSFER-UPI/DR/307780975724/AJIN A A/PYTM/paytmqr281/UPI--	TRANSFER TO 4692489162090	24.00	 	394.95
19 Mar 2023	19 Mar 2023	   TO TRANSFER-UPI/DR/307825669749/IRCTC Ap/PYTM/paytm-irct/Oid10--	TRANSFER TO 4696381162093	171.80	 	223.15

**This is a computer generated statement and does not require a signature

